<TALLYMESSAGE xmlns:UDF="TallyUDF">
	<VOUCHER>
		<DATE>20040501</DATE>
		<VOUCHERTYPENAME>Payment</VOUCHERTYPENAME>
		<ALLLEDGERENTRIES.LIST>
			<LEDGERNAME>Salary Expenses</LEDGERNAME>
			<AMOUNT>-10000.00</AMOUNT>
		</ALLLEDGERENTRIES.LIST>
		<ALLLEDGERENTRIES.LIST>
			<LEDGERNAME>Cash</LEDGERNAME>
			<AMOUNT>10000.00</AMOUNT>
		</ALLLEDGERENTRIES.LIST>
	</VOUCHER>
</TALLYMESSAGE>

<TALLYMESSAGE xmlns:UDF="TallyUDF">
	<VOUCHER>
		<DATE>20040601</DATE>
		<VOUCHERTYPENAME>Payment</VOUCHERTYPENAME>
		<ALLLEDGERENTRIES.LIST>
			<LEDGERNAME>Salary Expenses</LEDGERNAME>
			<AMOUNT>-20000.00</AMOUNT>
		</ALLLEDGERENTRIES.LIST>
		<ALLLEDGERENTRIES.LIST>
			<LEDGERNAME>Cash</LEDGERNAME>
			<AMOUNT>20000.00</AMOUNT>
		</ALLLEDGERENTRIES.LIST>
	</VOUCHER>
</TALLYMESSAGE>